=LDR  00997cam a2200265 a 4500
=001  0000850
=005  20170918190135.0
=008  114min.
=046  \\$k1982
=130  0\$aBlade Runner - The Final Cut
=245  10$aBlade Runner - The Final Cut$cWarner Bros.
=260  \\$bWarner Bros.$c1982
=264  \2$bWarner Bros.$c1982
=300  \\$a114min.
=508  \\$aDirected by, Ridley Scott
=511  1\$aHarrison Ford, Rutger Hauer, Sean Young, Edward James Olmos, Daryl Hannah
=520  \\$aA detective pursues four fugitive androids who are plotting to prolong their lifespans in 2019 L.A. Along the way, the detective is aided by an android who's unaware of her true nature.
=521  8\$aMPAA Rating: R
=700  1\$aHarrison Ford
=700  1\$aRutger Hauer
=700  1\$aSean Young
=700  1\$aEdward James Olmos
=700  1\$aDaryl Hannah
=710  2\$aWarner Bros.

