=LDR  00943cam a2200265 a 4500
=001  0002503
=005  20170918190135.0
=008  131min.
=046  \\$k1971
=130  0\$aA Clockwork Orange
=245  10$aA Clockwork Orange$cWarner Bros.
=260  \\$bWarner Bros.$c1971
=264  \2$bWarner Bros.$c1971
=300  \\$a131min.
=508  \\$aDirected by, Stanley Kubrick
=511  1\$aMalcolm McDowell, Patrick Magee, Aubrey Morris, Warren Clarke, Michael Bates
=520  \\$aA teen is jailed for murder and agrees to go into a behavior-modification program that works, leaving him helpless against his former victims.
=521  8\$aMPAA Rating: R
=700  1\$aMalcolm McDowell
=700  1\$aPatrick Magee
=700  1\$aAubrey Morris
=700  1\$aWarren Clarke
=700  1\$aMichael Bates
=710  2\$aWarner Bros.

