=LDR  01045cam a2200265 a 4500
=001  0017226
=005  20170918190135.0
=008  113min.
=046  \\$k1999
=130  0\$aBeing John Malkovich
=245  10$aBeing John Malkovich$cUniversal Pictures
=260  \\$bUniversal Pictures$c1999
=264  \2$bUniversal Pictures$c1999
=300  \\$a113min.
=508  \\$aDirected by, Spike Jonze
=511  1\$aJohn Cusack, Cameron Diaz, Catherine Keener, John Malkovich, Orson Bean
=520  \\$aA frustrated puppeteer gains access to John Malkovich's brain via a small portal in his office. Later, a weird love triangle forms when he and his wife both have affairs with one of his coworkers while inhabiting Malkovich's body.
=521  8\$aMPAA Rating: R
=700  1\$aJohn Cusack
=700  1\$aCameron Diaz
=700  1\$aCatherine Keener
=700  1\$aJohn Malkovich
=700  1\$aOrson Bean
=710  2\$aUniversal Pictures



